@Manual{R-assertthat,
  title = {assertthat: Easy Pre and Post Assertions},
  author = {Hadley Wickham},
  year = {2019},
  note = {R package version 0.2.1},
  url = {https://CRAN.R-project.org/package=assertthat},
}
@Manual{R-base,
  title = {R: A Language and Environment for Statistical Computing},
  author = {{R Core Team}},
  organization = {R Foundation for Statistical Computing},
  address = {Vienna, Austria},
  year = {2024},
  url = {https://www.R-project.org/},
}
@Article{R-brms_a,
  title = {{brms}: An {R} Package for {Bayesian} Multilevel Models Using {Stan}},
  author = {Paul-Christian Bürkner},
  journal = {Journal of Statistical Software},
  year = {2017},
  volume = {80},
  number = {1},
  pages = {1--28},
  doi = {10.18637/jss.v080.i01},
  encoding = {UTF-8},
}
@Article{R-brms_b,
  title = {Advanced {Bayesian} Multilevel Modeling with the {R} Package {brms}},
  author = {Paul-Christian Bürkner},
  journal = {The R Journal},
  year = {2018},
  volume = {10},
  number = {1},
  pages = {395--411},
  doi = {10.32614/RJ-2018-017},
  encoding = {UTF-8},
}
@Article{R-brms_c,
  title = {Bayesian Item Response Modeling in {R} with {brms} and {Stan}},
  author = {Paul-Christian Bürkner},
  journal = {Journal of Statistical Software},
  year = {2021},
  volume = {100},
  number = {5},
  pages = {1--54},
  doi = {10.18637/jss.v100.i05},
  encoding = {UTF-8},
}
@Manual{R-Cairo,
  title = {Cairo: R Graphics Device using Cairo Graphics Library for Creating
High-Quality Bitmap (PNG, JPEG, TIFF), Vector (PDF, SVG,
PostScript) and Display (X11 and Win32) Output},
  author = {Simon Urbanek and Jeffrey Horner},
  year = {2023},
  note = {R package version 1.6-2},
  url = {https://CRAN.R-project.org/package=Cairo},
}
@Manual{R-cmdstanr,
  title = {cmdstanr: R Interface to 'CmdStan'},
  author = {Jonah Gabry and Rok Češnovar and Andrew Johnson},
  year = {2024},
  note = {R package version 0.7.1, https://discourse.mc-stan.org},
  url = {https://mc-stan.org/cmdstanr/},
}
@Manual{R-dplyr,
  title = {dplyr: A Grammar of Data Manipulation},
  author = {Hadley Wickham and Romain François and Lionel Henry and Kirill Müller and Davis Vaughan},
  year = {2023},
  note = {R package version 1.1.4},
  url = {https://CRAN.R-project.org/package=dplyr},
}
@Manual{R-ellipse,
  title = {ellipse: Functions for Drawing Ellipses and Ellipse-Like Confidence
Regions},
  author = {Duncan Murdoch and E. D. Chow},
  year = {2023},
  note = {R package version 0.5.0},
  url = {https://CRAN.R-project.org/package=ellipse},
}
@Manual{R-english,
  title = {english: Translate Integers into English},
  author = {John Fox and Bill Venables and Anthony Damico and Anne Pier Salverda},
  year = {2021},
  note = {R package version 1.2-6},
  url = {https://CRAN.R-project.org/package=english},
}
@Manual{R-forcats,
  title = {forcats: Tools for Working with Categorical Variables (Factors)},
  author = {Hadley Wickham},
  year = {2023},
  note = {R package version 1.0.0},
  url = {https://CRAN.R-project.org/package=forcats},
}
@Manual{R-furrr,
  title = {furrr: Apply Mapping Functions in Parallel using Futures},
  author = {Davis Vaughan and Matt Dancho},
  year = {2022},
  note = {R package version 0.3.1},
  url = {https://CRAN.R-project.org/package=furrr},
}
@Article{R-RJ-2021-048,
  author = {Henrik Bengtsson},
  title = {A Unifying Framework for Parallel and Distributed Processing in R using Futures},
  year = {2021},
  journal = {The R Journal},
  doi = {10.32614/RJ-2021-048},
  url = {https://doi.org/10.32614/RJ-2021-048},
  pages = {208--227},
  volume = {13},
  number = {2},
}
@Manual{R-fuzzyjoin,
  title = {fuzzyjoin: Join Tables Together on Inexact Matching},
  author = {David Robinson},
  year = {2020},
  note = {R package version 0.1.6},
  url = {https://CRAN.R-project.org/package=fuzzyjoin},
}
@Manual{R-ggforce,
  title = {ggforce: Accelerating 'ggplot2'},
  author = {Thomas Lin Pedersen},
  year = {2024},
  note = {R package version 0.4.2},
  url = {https://CRAN.R-project.org/package=ggforce},
}
@Manual{R-ggh4x,
  title = {ggh4x: Hacks for 'ggplot2'},
  author = {Teun {van den Brand}},
  year = {2024},
  note = {R package version 0.2.8},
  url = {https://CRAN.R-project.org/package=ggh4x},
}
@Manual{R-ggnewscale,
  title = {ggnewscale: Multiple Fill and Colour Scales in 'ggplot2'},
  author = {Elio Campitelli},
  year = {2024},
  note = {R package version 0.5.0},
  url = {https://CRAN.R-project.org/package=ggnewscale},
}
@Book{R-ggplot2,
  author = {Hadley Wickham},
  title = {ggplot2: Elegant Graphics for Data Analysis},
  publisher = {Springer-Verlag New York},
  year = {2016},
  isbn = {978-3-319-24277-4},
  url = {https://ggplot2.tidyverse.org},
}
@Manual{R-ggtext,
  title = {ggtext: Improved Text Rendering Support for 'ggplot2'},
  author = {Claus O. Wilke and Brenton M. Wiernik},
  year = {2022},
  note = {R package version 0.1.2},
  url = {https://CRAN.R-project.org/package=ggtext},
}
@Misc{R-itsadug,
  title = {{itsadug}: Interpreting Time Series and Autocorrelated Data Using GAMMs},
  author = {Jacolien {van Rij} and Martijn Wieling and R. Harald Baayen and Hedderik {van Rijn}},
  year = {2022},
  note = {R package version 2.4.1},
}
@Manual{R-knitr,
  title = {knitr: A General-Purpose Package for Dynamic Report Generation in R},
  author = {Yihui Xie},
  year = {2024},
  note = {R package version 1.49},
  url = {https://yihui.org/knitr/},
}
@Manual{R-linguisticsdown,
  title = {linguisticsdown: Easy Linguistics Document Writing with R Markdown},
  author = {Yongfu Liao},
  year = {2019},
  note = {R package version 1.2.0},
  url = {https://CRAN.R-project.org/package=linguisticsdown},
}
@Article{R-lubridate,
  title = {Dates and Times Made Easy with {lubridate}},
  author = {Garrett Grolemund and Hadley Wickham},
  journal = {Journal of Statistical Software},
  year = {2011},
  volume = {40},
  number = {3},
  pages = {1--25},
  url = {https://www.jstatsoft.org/v40/i03/},
}
@Manual{R-magrittr,
  title = {magrittr: A Forward-Pipe Operator for R},
  author = {Stefan Milton Bache and Hadley Wickham},
  year = {2022},
  note = {R package version 2.0.3},
  url = {https://CRAN.R-project.org/package=magrittr},
}
@Article{R-mgcv_a,
  title = {Fast stable restricted maximum likelihood and marginal
likelihood estimation of semiparametric generalized linear models},
  journal = {Journal of the Royal Statistical Society (B)},
  volume = {73},
  number = {1},
  pages = {3-36},
  year = {2011},
  author = {S. N. Wood},
}
@Article{R-mgcv_b,
  title = {Smoothing parameter and model selection for general smooth models (with discussion)},
  author = {S.N. Wood and {N.} and {Pya} and B. S{"a}fken},
  journal = {Journal of the American Statistical Association},
  year = {2016},
  pages = {1548-1575},
  volume = {111},
}
@Article{R-mgcv_c,
  title = {Stable and efficient multiple smoothing parameter estimation for
         generalized additive models},
  journal = {Journal of the American Statistical Association},
  volume = {99},
  number = {467},
  pages = {673-686},
  year = {2004},
  author = {S. N. Wood},
}
@Article{R-mgcv_d,
  title = {Thin-plate regression splines},
  journal = {Journal of the Royal Statistical Society (B)},
  volume = {65},
  number = {1},
  pages = {95-114},
  year = {2003},
  author = {S. N. Wood},
}
@Manual{R-modelr,
  title = {modelr: Modelling Functions that Work with the Pipe},
  author = {Hadley Wickham},
  year = {2023},
  note = {R package version 0.1.11},
  url = {https://CRAN.R-project.org/package=modelr},
}
@Manual{R-MVBeliefUpdatr,
  title = {MVBeliefUpdatr: Fitting, Summarizing, and Visualizing of Multivariate Gaussian
Ideal Observers and Adaptors},
  author = {T. Florian Jaeger},
  year = {2024},
  note = {R package version 0.0.1.0010, commit 79ce50299b8c872ffb7f36c9a0547b57a47656d5},
  url = {https://github.com/hlplab/MVBeliefUpdatr},
}
@Manual{R-nlme,
  title = {nlme: Linear and Nonlinear Mixed Effects Models},
  author = {José Pinheiro and Douglas Bates and {R Core Team}},
  year = {2023},
  note = {R package version 3.1-164},
  url = {https://CRAN.R-project.org/package=nlme},
}
@Manual{R-patchwork,
  title = {patchwork: The Composer of Plots},
  author = {Thomas Lin Pedersen},
  year = {2024},
  note = {R package version 1.2.0},
  url = {https://CRAN.R-project.org/package=patchwork},
}
@Manual{R-phonR,
  title = {phonR: tools for phoneticians and phonologists},
  author = {Daniel R. McCloy},
  year = {2016},
  note = {R package version 1.0-7},
}
@Misc{R-phonTools,
  author = {Santiago Barreda},
  title = {phonTools: Functions for phonetics in R},
  note = {R package version 0.2-2.2},
  year = {2023},
}
@Manual{R-plotfunctions,
  title = {plotfunctions: Various Functions to Facilitate Visualization of Data and
Analysis},
  author = {Jacolien {van Rij}},
  year = {2020},
  note = {R package version 1.4},
  url = {https://CRAN.R-project.org/package=plotfunctions},
}
@Book{R-plotly,
  author = {Carson Sievert},
  title = {Interactive Web-Based Data Visualization with R, plotly, and shiny},
  publisher = {Chapman and Hall/CRC},
  year = {2020},
  isbn = {9781138331457},
  url = {https://plotly-r.com},
}
@Manual{R-purrr,
  title = {purrr: Functional Programming Tools},
  author = {Hadley Wickham and Lionel Henry},
  year = {2023},
  note = {R package version 1.0.2},
  url = {https://CRAN.R-project.org/package=purrr},
}
@Manual{R-Rcpp,
  title = {Rcpp: Seamless R and C++ Integration},
  author = {Dirk Eddelbuettel and Romain Francois and JJ Allaire and Kevin Ushey and Qiang Kou and Nathan Russell and Iñaki Ucar and Doug Bates and John Chambers},
  year = {2024},
  note = {R package version 1.0.13-1},
  url = {https://CRAN.R-project.org/package=Rcpp},
}
@Manual{R-readr,
  title = {readr: Read Rectangular Text Data},
  author = {Hadley Wickham and Jim Hester and Jennifer Bryan},
  year = {2024},
  note = {R package version 2.1.5},
  url = {https://CRAN.R-project.org/package=readr},
}
@Manual{R-remotes,
  title = {remotes: R Package Installation from Remote Repositories, Including
'GitHub'},
  author = {Gábor Csárdi and Jim Hester and Hadley Wickham and Winston Chang and Martin Morgan and Dan Tenenbaum},
  year = {2024},
  note = {R package version 2.5.0},
  url = {https://CRAN.R-project.org/package=remotes},
}
@Manual{R-rlang,
  title = {rlang: Functions for Base Types and Core R and 'Tidyverse' Features},
  author = {Lionel Henry and Hadley Wickham},
  year = {2024},
  note = {R package version 1.1.4},
  url = {https://CRAN.R-project.org/package=rlang},
}
@Manual{R-stringr,
  title = {stringr: Simple, Consistent Wrappers for Common String Operations},
  author = {Hadley Wickham},
  year = {2023},
  note = {R package version 1.5.1},
  url = {https://CRAN.R-project.org/package=stringr},
}
@Manual{RStudio,
  title = {{{RStudio}}: {{Integrated}} Development Environment for {{R}}},
  author = {{RStudio Team}},
  year = {2020},
  address = {{Boston, MA}},
  organization = {{RStudio, PBC.}}
}
@Manual{R-tibble,
  title = {tibble: Simple Data Frames},
  author = {Kirill Müller and Hadley Wickham},
  year = {2023},
  note = {R package version 3.2.1},
  url = {https://CRAN.R-project.org/package=tibble},
}
@Manual{R-tidybayes,
  title = {{tidybayes}: Tidy Data and Geoms for {Bayesian} Models},
  author = {Matthew Kay},
  year = {2024},
  note = {R package version 3.0.7},
  url = {http://mjskay.github.io/tidybayes/},
  doi = {10.5281/zenodo.1308151},
}
@Manual{R-tidyr,
  title = {tidyr: Tidy Messy Data},
  author = {Hadley Wickham and Davis Vaughan and Maximilian Girlich},
  year = {2024},
  note = {R package version 1.3.1},
  url = {https://CRAN.R-project.org/package=tidyr},
}
@Article{R-tidyverse,
  title = {Welcome to the {tidyverse}},
  author = {Hadley Wickham and Mara Averick and Jennifer Bryan and Winston Chang and Lucy D'Agostino McGowan and Romain François and Garrett Grolemund and Alex Hayes and Lionel Henry and Jim Hester and Max Kuhn and Thomas Lin Pedersen and Evan Miller and Stephan Milton Bache and Kirill Müller and Jeroen Ooms and David Robinson and Dana Paige Seidel and Vitalie Spinu and Kohske Takahashi and Davis Vaughan and Claus Wilke and Kara Woo and Hiroaki Yutani},
  year = {2019},
  journal = {Journal of Open Source Software},
  volume = {4},
  number = {43},
  pages = {1686},
  doi = {10.21105/joss.01686},
}
